@manual{lehmann2016biblatex,
  added-at = {2016-05-04T13:20:51.000+0200},
  author = {Lehmann, Phillipp},
  biburl = {https://puma.ub.uni-stuttgart.de/bibtex/2a795af6dfab7f42e6518171e3647b33a/hermann},
  interhash = {9eb9cb9977ae55796964abe28dcc24cb},
  intrahash = {a795af6dfab7f42e6518171e3647b33a},
  keywords = {biblatex latex literaturverwaltung pb},
  month = {Oktober},
  subtitle = {Programmable Bibliographies and Citations},
  timestamp = {2018-02-16T11:13:49.000+0100},
  title = {The BibLaTex Package},
  url = {https://www.ctan.org/pkg/biblatex},
  urldate = {2018-02-16},
  version = {3.7},
  year = 2017
}

